@article{GBRT,
  title={Greedy function approximation: a gradient boosting machine},
  author={Friedman, Jerome H},
  journal={Annals of statistics},
  pages={1189--1232},
  year={2001},
  publisher={JSTOR}
}
@article{WICON,
  title={Quantifying network contention on large parallel machines},
  author={Bhatel{\'e}, Abhinav and Kal{\'e}, Laxmikant V},
  journal={Parallel Processing Letters},
  volume={19},
  number={04},
  pages={553--572},
  year={2009},
  publisher={World Scientific}
}
@online{MPI,
title={MPI: A Message-Passing Interface Standard Version 3.1},
author={Message Passing Interface Forum},
year={June 4,2015},
url={http://www.mpi-forum.org/docs/mpi-3.1/mpi31-report.pdf}	
}
@article{MPI+,
  title={MPI+ MPI: a new hybrid approach to parallel programming with MPI plus shared memory},
  author={Hoefler, Torsten and Dinan, James and Buntinas, Darius and Balaji, Pavan and Barrett, Brian and Brightwell, Ron and Gropp, William and Kale, Vivek and Thakur, Rajeev},
  journal={Computing},
  volume={95},
  number={12},
  pages={1121--1136},
  year={2013},
  publisher={Springer}
}
@article{KNEM,
  TITLE = {{KNEM: a Generic and Scalable Kernel-Assisted Intra-node MPI Communication Framework}},
  AUTHOR = {Goglin, Brice and Moreaud, St{\'e}phanie},
  URL = {https://hal.inria.fr/hal-00731714},
  JOURNAL = {{Journal of Parallel and Distributed Computing}},
  PUBLISHER = {{Elsevier}},
  VOLUME = {73},
  NUMBER = {2},
  PAGES = {176-188},
  YEAR = {2013},
  MONTH = Feb,
  DOI = {10.1016/j.jpdc.2012.09.016},
  PDF = {https://hal.inria.fr/hal-00731714/file/article.pdf},
  HAL_ID = {hal-00731714},
  HAL_VERSION = {v1},
}
@inproceedings{LogP,
  title={LogP: Towards a realistic model of parallel computation},
  author={Culler, David and Karp, Richard and Patterson, David and Sahay, Abhijit and Schauser, Klaus Erik and Santos, Eunice and Subramonian, Ramesh and Von Eicken, Thorsten},
  booktitle={ACM Sigplan Notices},
  volume={28},
  number={7},
  pages={1--12},
  year={1993},
  organization={ACM}
}
@inproceedings{LogGP,
  title={LogGP: incorporating long messages into the LogP modelâ€”one step closer towards a realistic model for parallel computation},
  author={Alexandrov, Albert and Ionescu, Mihai F and Schauser, Klaus E and Scheiman, Chris},
  booktitle={Proceedings of the seventh annual ACM symposium on Parallel algorithms and architectures},
  pages={95--105},
  year={1995},
  organization={ACM}
}
@inproceedings{logGPS,
  title={LogGPS: a parallel computational model for synchronization analysis},
  author={Ino, Fumihiko and Fujimoto, Noriyuki and Hagihara, Kenichi},
  booktitle={ACM SIGPLAN Notices},
  volume={36},
  number={7},
  pages={133--142},
  year={2001},
  organization={ACM}
}
@inproceedings{bhatele,
  title={Identifying the culprits behind network congestion},
  author={Bhatele, Abhinav and Titus, Andrew R and Thiagarajan, Jayaraman J and Jain, Nikhil and Gamblin, Todd and Bremer, Peer-Timo and Schulz, Martin and Kale, Laxmikant V},
  booktitle={Parallel and Distributed Processing Symposium (IPDPS), 2015 IEEE International},
  pages={113--122},
  year={2015},
  organization={IEEE}
}
 @InProceedings{OMPI,
  author       = {Edgar Gabriel and Graham E. Fagg and George Bosilca
                  and Thara Angskun and Jack J. Dongarra and Jeffrey
                  M. Squyres and Vishal Sahay and Prabhanjan Kambadur
                  and Brian Barrett and Andrew Lumsdaine and Ralph
                  H. Castain and David J. Daniel and Richard L. Graham
                  and Timothy S. Woodall },
  title        = {Open {MPI}: Goals, Concept, and Design of a Next
                  Generation {MPI} Implementation},
  booktitle    = {Proceedings, 11th European PVM/MPI Users' Group
                  Meeting},
  year         = 2004,
  address      = {Budapest, Hungary},
  pages        = {97--104},
  month        = {September}
}
@online{MPICH,
title={MPICH: High Perfomance Portable MPI },
author={Argonne National Labaratory},
url={https://www.mpich.org}	
}
@inproceedings{PREGEL,
  title={Pregel: a system for large-scale graph processing},
  author={Malewicz, Grzegorz and Austern, Matthew H and Bik, Aart JC and Dehnert, James C and Horn, Ilan and Leiser, Naty and Czajkowski, Grzegorz},
  booktitle={Proceedings of the 2010 ACM SIGMOD International Conference on Management of data},
  pages={135--146},
  year={2010},
  organization={ACM}
}
@article{HOCKNEY,
  title={The communication challenge for MPP: Intel Paragon and Meiko CS-2},
  author={Hockney, Roger W},
  journal={Parallel computing},
  volume={20},
  number={3},
  pages={389--398},
  year={1994},
  publisher={Elsevier}
}
@inproceedings{ramos2013modeling,
  title={Modeling communication in cache-coherent SMP systems: a case-study with Xeon Phi},
  author={Ramos, Sabela and Hoefler, Torsten},
  booktitle={Proceedings of the 22nd international symposium on High-performance parallel and distributed computing},
  pages={97--108},
  year={2013},
  organization={ACM}
}
@inproceedings{putigny,
  TITLE = {{Analysis of MPI Shared-Memory Communication Performance from a Cache Coherence Perspective}},
  AUTHOR = {Putigny, Bertrand and Ruelle, Benoit and Goglin, Brice},
  URL = {https://hal.inria.fr/hal-00956307},
  BOOKTITLE = {{PDSEC - The 15th IEEE International Workshop on Parallel and Distributed Scientific and Engineering Computing, held in conjunction with IPDPS}},
  ADDRESS = {Phoenix, AZ, United States},
  PUBLISHER = {{IEEE}},
  YEAR = {2014},
  MONTH = May,
  PDF = {https://hal.inria.fr/hal-00956307/file/article.pdf},
  HAL_ID = {hal-00956307},
  HAL_VERSION = {v1},
}
@inproceedings{Sli,
  title={NUMA-aware shared-memory collective communication for MPI},
  author={Li, Shigang and Hoefler, Torsten and Snir, Marc},
  booktitle={Proceedings of the 22nd international symposium on High-performance parallel and distributed computing},
  pages={85--96},
  year={2013},
  organization={ACM}
}
@article{scikit,
 title={Scikit-learn: Machine Learning in {P}ython},
 author={Pedregosa, F. and Varoquaux, G. and Gramfort, A. and Michel, V.
         and Thirion, B. and Grisel, O. and Blondel, M. and Prettenhofer, P.
         and Weiss, R. and Dubourg, V. and Vanderplas, J. and Passos, A. and
         Cournapeau, D. and Brucher, M. and Perrot, M. and Duchesnay, E.},
 journal={Journal of Machine Learning Research},
 volume={12},
 pages={2825--2830},
 year={2011}
}
@book{CG,
  title={Methods of conjugate gradients for solving linear systems},
  author={Hestenes, Magnus Rudolph and Stiefel, Eduard},
  volume={49},
  year={1952},
  publisher={NBS}
}
@article{tlop,
 author = {Rico-Gallego, Juan-Antonio and D\'{\i}az-Mart\'{\i}n, Juan-Carlos},
 title = {$\tau$Lopp: Modeling Performance of Shared Memory MPI},
 journal = {Parallel Comput.},
 issue_date = {July 2015},
 volume = {46},
 number = {C},
 month = jul,
 year = {2015},
 issn = {0167-8191},
 pages = {14--31},
 numpages = {18},
 url = {http://dx.doi.org/10.1016/j.parco.2015.02.006},
 doi = {10.1016/j.parco.2015.02.006},
 acmid = {2794145},
 publisher = {Elsevier Science Publishers B. V.},
 address = {Amsterdam, The Netherlands, The Netherlands},
 keywords = {Formal models, MPI collectives, Parallel algorithms, Performance analysis}
} 
@techreport{LULESH,
author = {Ian Karlin and Abhinav. Bhatele and Bradford L. Chamberlain and Jonathan. Cohen and Zachary Devito and Maya Gokhale and Riyaz Haque and Rich Hornung and Jeff Keasler and Dan Laney and Edward Luke and Scott Lloyd and Jim McGraw and Rob Neely and David Richards and Martin Schulz and Charle H. Still and Felix Wang and Daniel Wong},
title = {LULESH Programming Model and Performance Ports Overview},
number = {LLNL-TR-608824},
location = {Livermore, CA},
pages = {1-17},
year = {2012},
month = {December}
};


